@ARTICLE{ref0,
    author = {Zhao Chang and Dong Xie and Feifei Li},
    title = {Oblivious RAM: a dissection and experimental evaluation},
    journal = {Proceedings of the VLDB Endowment},
    year = {2016}
}
@ARTICLE{ref00,
    author = {吴鹏飞 and 沈晴霓 and 秦嘉 and 钱文君 and 李聪 and 吴中海},
    title = {不经意随机访问机研究综述},
    journal = {软件学报},
    year = {2018}
}
@ARTICLE{ref1,
    author = {Islam M S and Kuzu M and Kantarcioglu M},
    title = {Access pattern disclosure on searchable encryption: Ramification, attack and mitigation},
    journal = {Proc Ndss},
    year = {2012}
}
@ARTICLE{ref2,
    author = {O Goldreich and R Ostrovsky},
    title = {Software protection and simulation on oblivious RAMs},
    journal = {Journal of the ACM},
    year = {1996}
}
@ARTICLE{ref3,
    author = {Zhuang X and Zhang T and Lee H H S},
    title = {Hardware assisted control flow obfuscation for embedded processors},
    journal = {International Conference on Compilers},
    year = {2004}
}
@ARTICLE{ref4,
    author = {R Ostrovsky},
    title = {Efficient Computation on Oblivious RAMs},
    journal = {ACM Symposium on Theory of Computing},
    year = {1990}
}
@ARTICLE{ref5,
    author = {O Goldreich},
    title = {Towards a theory of software protection and simulation by oblivious RAMs},
    journal = {STOC},
    year = {1987}
}
@ARTICLE{ref6,
    author = {D Xie and G Li B and Yao X and Wei X and Xiao Y Gao and M Guo},
    title = {Practical private shortest path computation based on oblivious storage},
    journal = {ICDE},
    year = {2016}
}
@ARTICLE{ref7,
    author = {E Stefanov and E Shi and D X Song},
    title = {Towards practical oblivious RAM},
    journal = {NDSS},
    year = {2012}
}
@ARTICLE{ref8,
    author = {E Shi and T-H H Chan and E Stefanov and M Li},
    title = {Oblivious RAM with $O((\log N)^3)$ worst-case cost},
    journal = {ASIACRYPT},
    year = {2011}
}
@ARTICLE{ref9,
    author = {E Stefanov and M van Dijk and E Shi and C W Fletcher and L Ren and X Yu and S Devadas},
    title = {An extremely simple oblivious RAM protocol},
    journal = {CCS},
    year = {2013}
}
@ARTICLE{ref10,
    author = {E Stefanov and Elaine Shi},
    title = {ObliviStore: High Performance Oblivious Cloud Storage},
    journal = {IEEE Symposium on Security and Privacy},
    year = {2013}
}
@ARTICLE{ref11,
    author = {Ling Ren and Christopher Fletcher and Albert Kwon and Emil Stefanov and Elaine Shi and Marten van Dijk and Srinivas Devadas},
    title = {Constants Count: Practical Improvements to Oblivious RAM},
    journal = {USENIX Security},
    year = {2015}
}
@ARTICLE{ref12,
    author = {W Liang and K Bu and K Li and J Li and A Tavakoli},
    title = {MemCloak: Practical Access Obfuscation for Untrusted Memory},
    journal = {ACSAC},
    year = {2018}
}
@ARTICLE{ref13,
    author = {Srinivas Devadas and Marten van Dijk and Christopher W Fletcher and Ling Ren and Elaine ShiDaniel Wichs},
    title = {Onion ORAM: A Constant Bandwidth Blowup Oblivious RAM},
    journal = {Theory of Cryptography Conference},
    year = {2016}
}